@article{MunosNIPS11,
 author = {R. Munos.},
 title = {Optimization of Deterministic Functions without the Knowledge of its Smoothness.},
 journal={Advances in Neural Information Processing Systems},
 year={2011}
}
@article{SchulmanIJRR14,
author ={J. Schulman, Y. Duan, J. Ho, A. Lee, I. Awwal, H. Bradlow, J. Pan, S. Patil, K. Goldberg, and P. Abbeel.},
title={Motion Planning with Sequential Convex Optimization and Convex Collision Checking},
journal={The International Journal of Robotics Research},
year={2014}
}
@article{ZuckerIJRR13,
author ={M. Zucker, N. Ratliff, A. Dragan, M. Pivtoraiko, M. Klingensmith, C. Dellin, J. A. Bagnell, and S. Srinivasa},
title={CHOMP: Covariant Hamiltonian Optimization for Motion Planning},
journal={The International Journal of Robotics Research},
year={2013}
}
@article{KaelblingIJRR13,
author ={L.P. Kaelbling and T. Lozano-PÃ©rez},
title={Integrated Task and Motion Planning in Belief Space},
journal={The International Journal of Robotics Research},
year={2013}
}

@article{SrivastavaICRA14,
author ={S. Srivastava, E. Fang, L Riano, R. Chitnis, S. Russell, and P. Abbeel. },
title={Combined Task and Motion Planning Through an Extensible Planner-Independent Interface Layer},
journal={ IEEE Conference on Robotics and Automation},
year={2014}
}

@article{DeyAAAI2012,
author ={D. Dey, T. Y. Liu, B. Sofman, J. A. Bagnell },
title={Efficient Optimization of Control Libraries},
journal={ Association for the Advancement of Artificial Intelligence },
year={2012}
}

@article{DeyRSS2012,
author ={D. Dey, T. Y. Liu, B. Sofman, M. Herbert, and J. A. Bagnell },
title={Contextual Sequence Prediction via Submodular Function Optimization},
journal={ Robotics: Science and Systems},
year={2012}
}



